<record><leader>00000cas a2200000 a 4500</leader><controlfield tag="001">35394524</controlfield><controlfield tag="008">960906d19541983miuwr ne      0    0eng c</controlfield><datafield ind1=" " ind2=" " tag="010"><subfield code="a">sn 96077042 </subfield></datafield><datafield ind1=" " ind2=" " tag="040"><subfield code="a">MHN</subfield><subfield code="b">eng</subfield><subfield code="c">MHN</subfield><subfield code="d">OCL</subfield><subfield code="d">OCLCQ</subfield><subfield code="d">OCLCF</subfield><subfield code="d">OCLCO</subfield></datafield><datafield ind1="1" ind2=" " tag="029"><subfield code="a">AU@</subfield><subfield code="b">000012845250</subfield></datafield><datafield ind1=" " ind2=" " tag="042"><subfield code="a">pcc</subfield></datafield><datafield ind1=" " ind2=" " tag="043"><subfield code="a">n-us-mi</subfield></datafield><datafield ind1="0" ind2=" " tag="130"><subfield code="a">Howard City record (Howard City, Mich. : 1954)</subfield></datafield><datafield ind1="1" ind2="4" tag="245"><subfield code="a">The Howard City record.</subfield></datafield><datafield ind1=" " ind2=" " tag="260"><subfield code="a">Howard City, Mich. :</subfield><subfield code="b">Minnie M. Farmer</subfield></datafield><datafield ind1=" " ind2=" " tag="300"><subfield code="a">v.</subfield></datafield><datafield ind1=" " ind2=" " tag="310"><subfield code="a">Weekly</subfield></datafield><datafield ind1="0" ind2=" " tag="362"><subfield code="a">Vol. 1, no. 1 (Nov. 4, 1954)-v. 110, no. 39 (May 18, 1983).</subfield></datafield><datafield ind1=" " ind2=" " tag="500"><subfield code="a">Aug. 22, 1968 issue celebrates Howard City's centennial.</subfield></datafield><datafield ind1=" " ind2="0" tag="651"><subfield code="a">Howard City (Mich.)</subfield><subfield code="v">Newspapers.</subfield></datafield><datafield ind1=" " ind2="0" tag="651"><subfield code="a">Montcalm County (Mich.)</subfield><subfield code="v">Newspapers.</subfield></datafield><datafield ind1=" " ind2="7" tag="655"><subfield code="a">Newspapers.</subfield><subfield code="2">fast</subfield><subfield code="0">(OCoLC)fst01423814</subfield></datafield><datafield ind1=" " ind2="7" tag="651"><subfield code="a">Michigan</subfield><subfield code="z">Howard City.</subfield><subfield code="2">fast</subfield><subfield code="0">(OCoLC)fst01238123</subfield></datafield><datafield ind1=" " ind2="7" tag="651"><subfield code="a">Michigan</subfield><subfield code="z">Montcalm County.</subfield><subfield code="2">fast</subfield><subfield code="0">(OCoLC)fst01214746</subfield></datafield><datafield ind1=" " ind2=" " tag="752"><subfield code="a">United States</subfield><subfield code="b">Michigan</subfield><subfield code="c">Montcalm</subfield><subfield code="d">Howard City.</subfield></datafield><datafield ind1="0" ind2="0" tag="785"><subfield code="t">Record (Howard City, Mich.)</subfield><subfield code="w">(DLC)sn 96077043</subfield><subfield code="w">(OCoLC)35394904</subfield></datafield></record>